[gd_scene load_steps=7 format=3 uid="uid://8s8pdotf8bxa"]

[ext_resource type="Script" path="res://scenes/Critter.gd" id="1_l0ec1"]
[ext_resource type="Texture2D" uid="uid://dco0lefh5a2d2" path="res://assets/ouput/swarm-healer.png" id="2_1twhh"]
[ext_resource type="Texture2D" uid="uid://cae8sculnfw43" path="res://assets/ouput/shield.png" id="3_axpba"]
[ext_resource type="Script" path="res://scenes/Shield.gd" id="3_o6rtn"]

[sub_resource type="RectangleShape2D" id="RectangleShape2D_jey8b"]
size = Vector2(21, 21)

[sub_resource type="CircleShape2D" id="CircleShape2D_bfvi5"]
radius = 70.0

[node name="Healer" type="CharacterBody2D" groups=["critter"]]
script = ExtResource("1_l0ec1")

[node name="Sprite2D" type="Sprite2D" parent="."]
texture_filter = 1
rotation = 1.5708
scale = Vector2(2.5, 2.5)
texture = ExtResource("2_1twhh")

[node name="CollisionShape2D" type="CollisionShape2D" parent="."]
rotation = 0.785398
shape = SubResource("RectangleShape2D_jey8b")

[node name="Shield" type="Area2D" parent="." groups=["shield"]]
script = ExtResource("3_o6rtn")

[node name="CollisionShape2D" type="CollisionShape2D" parent="Shield"]
shape = SubResource("CircleShape2D_bfvi5")

[node name="Sprite2D" type="Sprite2D" parent="Shield"]
scale = Vector2(2, 2)
texture = ExtResource("3_axpba")

[node name="RechargeTimer" type="Timer" parent="Shield"]
wait_time = 5.0

[node name="ShieldParticles" type="CPUParticles2D" parent="Shield"]
amount = 300
lifetime = 0.75
speed_scale = 9.0
randomness = 1.0
local_coords = true
emission_shape = 2
emission_sphere_radius = 65.0
spread = 180.0
gravity = Vector2(2.08165e-12, 2.08165e-12)
angular_velocity_min = -164.57
radial_accel_min = 7.62
radial_accel_max = 17.14
scale_amount_max = 2.3
color = Color(0.603922, 1, 1, 0.494118)
hue_variation_min = -1.0
hue_variation_max = 1.0

[connection signal="timeout" from="Shield/RechargeTimer" to="Shield" method="_on_recharge_timer_timeout"]
